1731 3151
129 546 631 610 ENUMERATIO
705 547 1178 607 PLANTARUM
1244 549 1547 612 OMNIUM

350 642 751 708 HUCUSQUE
796 640 1318 703 COGMTARUM.

183 890 603 939 CYPERACEAE
635 902 772 949 mss„
808 901 1027 950 BssowN„
1063 903 1188 939 NEES
1220 905 1282 940 AB
1319 905 1490 941 ESENB.

66 998 249 1087 Floras
287 1043 619 1101 hermaphroditi
647 1042 719 1088 vel
748 1042 943 1097 dielines,
984 1044 1087 1086 nudi
1113 1045 1181 1087 vel
1207 1045 1356 1096 calyce
1387 1045 1600 1100 instructi,

67 1115 221 1172 singuli
260 1131 439 1174 squama
476 1116 688 1173 (bractea)
730 1114 893 1170 stipati,
939 1114 981 1155 in
1016 1115 1179 1170 spicam
1208 1115 1436 1171 (spiculam
1467 1119 1599 1173 auct.)

65 1189 219 1243 multi-,
250 1191 396 1246 pauci·
424 1189 495 1233 vel
513 1188 734 1231 unissoram
751 1185 961 1242 congesti,
996 1187 1176 1228 distiche
1208 1187 1278 1231 vel
1306 1187 1488 1244 undique
1517 1190 1601 1231 dis-

68 1261 216 1316 positi,
257 1261 481 1304 inferiores
515 1276 645 1315 saepe
675 1259 842 1301 nonnisi
873 1260 928 1301 ad
958 1273 1181 1315 squamam
1206 1274 1387 1302 vacuam
1417 1262 1596 1305 redacti.

68 1332 231 1386 Calyx,
272 1334 343 1375 ubi
379 1336 525 1386 adest,
566 1332 919 1373 rudimentarius:
967 1331 1111 1388 pbylla
1144 1333 1191 1385 6,
1228 1332 1437 1374 interdum
1475 1332 1600 1389 plura

63 1403 109 1458 (8
132 1402 174 1444 in
205 1404 402 1446 Dulichio
439 1410 483 1447 et
509 1404 690 1458 Buekia,
722 1403 979 1446 creberrima
1007 1405 1050 1445 in
1077 1404 1324 1460 Eriophoris
1351 1405 1599 1460 plerisque),

61 1475 202 1518 rarius
241 1476 394 1519 abortu
430 1477 651 1534 pauciora,
689 1476 941 1531 setiformia,
983 1476 1378 1532 spinuloso-scabra
1403 1476 1474 1519 vel
1510 1477 1599 1532 plu-

62 1562 200 1602 mosa,
239 1563 541 1606 nonnunquam
581 1549 858 1603 tenuissima,
899 1548 1141 1604 capillaria,
1177 1550 1387 1591 interdum
1426 1563 1483 1590 ex
1520 1562 1599 1590 sex

60 1633 171 1661 nunc
210 1622 352 1663 omnia
385 1637 496 1664 nune
532 1622 699 1664 nonnisi
736 1621 820 1663 tria
864 1622 1027 1663 alterna
1065 1619 1437 1677 squamaeformia.
1501 1618 1598 1660 Sta-

59 1691 174 1733 mina
202 1692 298 1747 tria,
335 1694 492 1750 phyllis
532 1696 709 1737 totidem
750 1693 1033 1735 exterioribus
1071 1692 1282 1745 opposita,
1319 1690 1458 1730 rarius
1495 1705 1598 1745 pau-

61 1763 181 1805 ciora
215 1766 262 1818 (2
295 1767 367 1809 vel
397 1768 438 1820 1)
471 1767 541 1811 vel
578 1767 702 1823 plura
742 1766 799 1821 (4,
836 1765 876 1815 6,
915 1765 942 1803 8
972 1761 1041 1804 vel
1078 1761 1161 1816 12).
1216 1760 1459 1802 Filamenta
1496 1766 1597 1816 post

57 1835 401 1879 secundationem
431 1838 649 1893 elongata,
681 1837 890 1879 interdum
916 1832 1185 1887 longissima,
1222 1831 1470 1888 plerumque
1501 1848 1595 1888 per-

61 1906 271 1948 sistentia.
327 1909 546 1948 Antherae
586 1905 868 1958 biloculares,
918 1905 1042 1960 apice
1075 1904 1306 1957 indivisae,
1344 1903 1595 1960 saepissime

58 1981 212 2019 acutae
242 1977 313 2020 vel
342 1981 640 2029 mucronatae,
676 1976 772 2018 basi
809 1976 1101 2032 emarginatae
1132 1976 1273 2032 ibique
1299 1975 1471 2030 affixae,
1508 1977 1595 2033 ple-

57 2063 233 2104 rumque
262 2048 464 2090 lineares.
534 2048 741 2091 Ovarium
768 2062 1073 2105 compressum,
1113 2048 1498 2104 plano-convexum
1524 2050 1593 2093 vel

57 2120 229 2176 saepius
249 2120 511 2176 triangulare
541 2121 726 2176 (angulis
754 2121 1004 2163 staminibus
1030 2121 1421 2177 respondentibus),
1450 2122 1504 2162 ad
1522 2121 1594 2164 ba-

57 2194 139 2234 sim
172 2193 420 2249 plerumque
450 2194 620 2246 nudum,
657 2194 797 2236 rarius
830 2209 943 2235 nunc
973 2194 1092 2236 diseo
1131 2192 1396 2248 cupuliformi
1426 2194 1590 2248 integro

55 2264 127 2309 vel
153 2265 336 2308 2-3-lob0
357 2266 417 2317 (in
434 2265 614 2319 Scleria,
634 2265 813 2320 Ficinia,
832 2266 1128 2322 Melancrani),
1153 2279 1265 2306 nune
1291 2265 1445 2307 annulo
1464 2279 1592 2307 mem-

56 2337 270 2379 branaceo
301 2339 457 2380 adnato
486 2339 546 2394 (in
572 2338 608 2379 F
614 2338 855 2394 imbristyli)
886 2339 1086 2391 cinctum,
1116 2337 1391 2390 uniloculare,
1419 2351 1591 2379 concre-

55 2414 146 2451 tum
197 2425 251 2452 ex
296 2409 453 2452 ovariis
492 2411 656 2452 duobus
696 2411 766 2453 vel
813 2410 950 2452 tribus
992 2410 1195 2452 carinatis
1235 2409 1306 2452 vel
1340 2408 1591 2451 naviculari-

56 2481 151 2531 bus,
192 2497 369 2538 quorum
406 2482 575 2524 nonnisi
601 2497 730 2524 unum
771 2482 1038 2538 (anterius2)
1078 2483 1132 2523 ad
1171 2481 1308 2522 basim
1348 2479 1588 2523 interiorem

59 2554 186 2597 ovulo
216 2555 480 2598 instructum.
545 2553 728 2597 Ovulum
752 2560 933 2608 rectum,
962 2555 1192 2606 inversum,
1225 2551 1411 2593 funiculo
1442 2567 1589 2595 seeun-

58 2626 157 2666 dum
198 2630 333 2668 totam
369 2626 673 2681 longitudinem
714 2628 918 2669 adnatum
955 2630 1226 2680 (anatropum
1261 2623 1418 2679 Rich.)
1477 2623 1588 2677 styli

60 2700 160 2750 tres,
200 2698 337 2739 rarius
373 2700 473 2752 duo,
516 2698 763 2755 plerumque
799 2699 960 2741 inferne
997 2697 1134 2751 magis
1176 2697 1367 2740 minusve
1398 2697 1583 2748 connati,

59 2768 275 2812 rarissime
315 2770 435 2826 apice
468 2769 583 2812 bifidi
620 2771 680 2820 (in
711 2771 920 2827 Buekia);
963 2770 1080 2811 basis
1121 2768 1329 2820 stylorum
1367 2772 1586 2809 concreto-

26 2853 151 2903 „31⁸¹”ss
188 2853 298 2883 nunc
338 2843 531 2898 aequalis
570 2848 613 2885 et
650 2858 744 2886 cum
781 2843 927 2887 ovario
967 2841 1191 2893 continua,
1239 2854 1349 2881 nune
1389 2839 1584 2881 dilatato-

32 2913 73 2961 ,ζ
102 2912 254 2948 lium-u.
280 2914 436 2950 stxops.
463 2915 504 2949 ll.
1142 2912 1162 2966 [
1194 2912 1214 2951 l
1245 2912 1264 2965 ]
